@inproceedings{girshick14CVPR,
    Author = {Girshick, Ross and Donahue, Jeff and Darrell, Trevor and Malik, Jitendra},
    Title = {Rich feature hierarchies for accurate object detection and semantic segmentation},
    Booktitle = {Computer Vision and Pattern Recognition},
    Year = {2014}
}

@misc{cs231n,
  author = {Stanford University},
  title = {{CS231n Convolutional Neural Networks for Visual Recognition}},
  howpublished = "\url{http://cs231n.github.io/convolutional-networks}",
  note = "[Online; accessed 28-April-2018]"
}

@misc{tfcnn,
  author = {TensorFlow},
  title = {{A Guide to TF Layers: Building a Convolutional Neural Network}},
  howpublished = "\url{https://www.tensorflow.org/tutorials/layers}",
  note = "[Online; accessed 28-April-2018]"
}