@inproceedings{girshick14CVPR,
    Author = {Girshick, Ross and Donahue, Jeff and Darrell, Trevor and Malik, Jitendra},
    Title = {Rich feature hierarchies for accurate object detection and semantic segmentation},
    Booktitle = {Computer Vision and Pattern Recognition},
    Year = {2014}
}

@article{nhandangbienbaodhct,
author = {Bao, Truong and Hùng Chen, Trương and Truong, Quoc-Dinh},
year = {2015},
month = {11},
title = {Phát hiện và nhận dạng biển báo giao thông đường bộ sử dụng đặc trưng HOG và mạng nơron nhân tạo},
booktitle = {Journal of Science, Can Tho University},
journal = {Journal of Science, Can Tho University}
}

@inproceedings{girshickICCV15fastrcnn,
    Author = {Ross Girshick},
    Title = {Fast R-CNN},
    Booktitle = {International Conference on Computer Vision ({ICCV})},
    Year = {2015}
}

@inproceedings{renNIPS15fasterrcnn,
    Author = {Shaoqing Ren and Kaiming He and Ross Girshick and Jian Sun},
    Title = {Faster {R-CNN}: Towards Real-Time Object Detection
             with Region Proposal Networks},
    Booktitle = {Advances in Neural Information Processing Systems ({NIPS})},
    Year = {2015}
}

@article{DBLP:journals/corr/HuangRSZKFFWSG016,
  author    = {Jonathan Huang and
               Vivek Rathod and
               Chen Sun and
               Menglong Zhu and
               Anoop Korattikara and
               Alireza Fathi and
               Ian Fischer and
               Zbigniew Wojna and
               Yang Song and
               Sergio Guadarrama and
               Kevin Murphy},
  title     = {Speed/accuracy trade-offs for modern convolutional object detectors},
  journal   = {CoRR},
  volume    = {abs/1611.10012},
  year      = {2016},
  url       = {http://arxiv.org/abs/1611.10012},
  archivePrefix = {arXiv},
  eprint    = {1611.10012},
  timestamp = {Wed, 07 Jun 2017 14:41:50 +0200},
  biburl    = {https://dblp.org/rec/bib/journals/corr/HuangRSZKFFWSG016},
  bibsource = {dblp computer science bibliography, https://dblp.org}
}

@misc{cs231n,
  author = {Stanford University},
  title = {{CS231n Convolutional Neural Networks for Visual Recognition}},
  howpublished = "\url{http://cs231n.github.io/convolutional-networks}",
  note = "[Online; accessed 28-April-2018]"
}

@misc{tfcnn,
  author = {TensorFlow},
  title = {{A Guide to TF Layers: Building a Convolutional Neural Network}},
  howpublished = "\url{https://www.tensorflow.org/tutorials/layers}",
  note = "[Online; accessed 28-April-2018]"
}

@misc{adeshpande3cnn1,
  author = {Adit Deshpande},
  title = {{A Beginner's Guide To Understanding Convolutional Neural Networks}},
  howpublished = "\url{https://bit.ly/29U99Ty}",
  note = "[Online; accessed 5-May-2018]"
}

@misc{labelimg,
  author = {Tzuta Lin},
  title = {{LabelImg}},
  howpublished = "\url{https://github.com/tzutalin/labelImg}",
  note = "[Online; accessed 5-May-2018]"
}